
@misc{koen2001,
  author = {Koen Claessen},
  title = {A monad for type casting},
  note = {Message to the Haskell mailing list, {\sf https://mail.haskell.org/pipermail/haskell/}},
  year = 2001
}

@misc{reddit,
  author = {alexeyr},
  title = {{SO} question: Can a {ST}-like monad be executed purely?},
  note = {thread on reddit, {\sf https://www.reddit.com/r/haskell/}},
  year = 2015
}

@inproceedings{McBride2004,
 author = {McBride, Conor and McKinna, James},
 title = {{Functional Pearl: I Am Not a Number--i Am a Free Variable}},
 booktitle = {Proceedings of the 2004 ACM SIGPLAN Workshop on Haskell},
 series = {Haskell '04},
 year = {2004},
 isbn = {1-58113-850-4},
 location = {Snowbird, Utah, USA},
 pages = {1--9},
 numpages = {9},
 acmid = {1017477},
 publisher = {ACM},
 address = {New York, NY, USA},
 keywords = {abstract syntax, bound variables, de Bruijn representation, free variables, fresh names, haskell, implementing epigram, induction principles},
} 

@inproceedings{hoas,
 author = {Pfenning, F. and Elliott, C.},
 title = {Higher-order Abstract Syntax},
 booktitle = {Proceedings of the ACM SIGPLAN 1988 Conference on Programming Language Design and Implementation},
 series = {PLDI '88},
 year = {1988},
 isbn = {0-89791-269-1},
 location = {Atlanta, Georgia, USA},
 pages = {199--208},
 numpages = {10},
 url = {http://doi.acm.org/10.1145/53990.54010},
 doi = {10.1145/53990.54010},
 acmid = {54010},
 publisher = {ACM},
 address = {New York, NY, USA},
}

@inproceedings{peff,
 author = {Orchard, Dominic and Petricek, Tomas},
 title = {Embedding Effect Systems in Haskell},
 booktitle = {Proceedings of the 2014 ACM SIGPLAN Symposium on Haskell},
 series = {Haskell '14},
 year = {2014},
 isbn = {978-1-4503-3041-1},
 location = {Gothenburg, Sweden},
 pages = {13--24},
 numpages = {12},
 url = {http://doi.acm.org/10.1145/2633357.2633368},
 doi = {10.1145/2633357.2633368},
 acmid = {2633368},
 publisher = {ACM},
 address = {New York, NY, USA},
 keywords = {effect systems, parametric effect monads, type systems},
} 


@inproceedings{jp,
 author = {Bernardy, Jean-Philippe and Pouillard, Nicolas},
 title = {Names for Free: Polymorphic Views of Names and Binders},
 booktitle = {Proceedings of the 2013 ACM SIGPLAN Symposium on Haskell},
 series = {Haskell '13},
 year = {2013},
 isbn = {978-1-4503-2383-3},
 location = {Boston, Massachusetts, USA},
 pages = {13--24},
 numpages = {12},
 url = {http://doi.acm.org/10.1145/2503778.2503780},
 doi = {10.1145/2503778.2503780},
 acmid = {2503780},
 publisher = {ACM},
 address = {New York, NY, USA},
 keywords = {name binding, nested types, parametricity, polymorphism, type-classes},
}

@article{relmonad,
  author =	 {Thorsten Altenkirch and James Chapman and Tarmo Uustalu},
  title =	 {Monads Need Not Be Endofunctors},
  journal={Foundations of Software Science and Computational Structures},
  pages={297--311},
  year={2010},
  publisher={Springer}
}

@article{nested,
 author = {Bird, Richard S. and Paterson, Ross},
 title = {De Bruijn Notation As a Nested Datatype},
 journal = {J. Funct. Program.},
 issue_date = {January 1999},
 volume = {9},
 number = {1},
 month = jan,
 year = {1999},
 issn = {0956-7968},
 pages = {77--91},
 numpages = {15},
 url = {http://dx.doi.org/10.1017/S0956796899003366},
 doi = {10.1017/S0956796899003366},
 acmid = {968702},
 publisher = {Cambridge University Press},
 address = {New York, NY, USA},
}
[download]

@inproceedings{graphs,
 author = {Oliveira, Bruno C.d.S. and Cook, William R.},
 title = {Functional Programming with Structured Graphs},
 booktitle = {Proceedings of the 17th ACM SIGPLAN International Conference on Functional Programming},
 series = {ICFP '12},
 year = {2012},
 isbn = {978-1-4503-1054-3},
 location = {Copenhagen, Denmark},
 pages = {77--88},
 numpages = {12},
 url = {http://doi.acm.org/10.1145/2364527.2364541},
 doi = {10.1145/2364527.2364541},
 acmid = {2364541},
 publisher = {ACM},
 address = {New York, NY, USA},
 keywords = {graphs, haskell, parametric hoas},
}

@inproceedings{ags,
 author = {Oliveira, Bruno C. d. S. and L\"{o}h, Andres},
 title = {Abstract Syntax Graphs for Domain Specific Languages},
 booktitle = {Proceedings of the ACM SIGPLAN 2013 Workshop on Partial Evaluation and Program Manipulation},
 series = {PEPM '13},
 year = {2013},
 isbn = {978-1-4503-1842-6},
 location = {Rome, Italy},
 pages = {87--96},
 numpages = {10},
 url = {http://doi.acm.org/10.1145/2426890.2426909},
 doi = {10.1145/2426890.2426909},
 acmid = {2426909},
 publisher = {ACM},
 address = {New York, NY, USA},
 keywords = {DSLs, graphs, haskell, observable sharing},
}


@inproceedings{phoas,
 author = {Chlipala, Adam},
 title = {Parametric Higher-order Abstract Syntax for Mechanized Semantics},
 booktitle = {Proceedings of the 13th ACM SIGPLAN International Conference on Functional Programming},
 series = {ICFP '08},
 year = {2008},
 isbn = {978-1-59593-919-7},
 location = {Victoria, BC, Canada},
 pages = {143--156},
 numpages = {14},
 url = {http://doi.acm.org/10.1145/1411204.1411226},
 doi = {10.1145/1411204.1411226},
 acmid = {1411226},
 publisher = {ACM},
 address = {New York, NY, USA},
 keywords = {compiler verification, dependent types, interactive proof assistants, type-theoretic semantics},
}

@inproceedings{Atkey09unembedding,
 author = {Atkey, Robert and Lindley, Sam and Yallop, Jeremy},
 title = {Unembedding Domain-specific Languages},
 booktitle = {Proceedings of the 2Nd ACM SIGPLAN Symposium on Haskell},
 series = {Haskell '09},
 year = {2009},
 isbn = {978-1-60558-508-6},
 location = {Edinburgh, Scotland},
 pages = {37--48},
 numpages = {12},
 url = {http://doi.acm.org/10.1145/1596638.1596644},
 doi = {10.1145/1596638.1596644},
 acmid = {1596644},
 publisher = {ACM},
 address = {New York, NY, USA},
 keywords = {domain-specific languages, higher-order abstract syntax, type classes, unembedding},
}

@Inbook{Atkey2009syntaxff,
author="Atkey, Robert",
editor="Curien, Pierre-Louis",
title="Syntax for Free: Representing Syntax with Binding Using Parametricity",
bookTitle="Typed Lambda Calculi and Applications: 9th International Conference, TLCA 2009, Brasilia, Brazil, July 1-3, 2009. Proceedings",
year="2009",
publisher="Springer Berlin Heidelberg",
address="Berlin, Heidelberg",
pages="35--49",
isbn="978-3-642-02273-9",
doi="10.1007/978-3-642-02273-9_5",
url="http://dx.doi.org/10.1007/978-3-642-02273-9_5"
}

@article{idiomarrmonad,
 author = {Lindley, Sam and Wadler, Philip and Yallop, Jeremy},
 title = {Idioms Are Oblivious, Arrows Are Meticulous, Monads Are Promiscuous},
 journal = {Electron. Notes Theor. Comput. Sci.},
 issue_date = {March, 2011},
 volume = {229},
 number = {5},
 month = mar,
 year = {2011},
 issn = {1571-0661},
 pages = {97--117},
 numpages = {21},
 url = {http://dx.doi.org/10.1016/j.entcs.2011.02.018},
 doi = {10.1016/j.entcs.2011.02.018},
 acmid = {1954016},
 publisher = {Elsevier Science Publishers B. V.},
 address = {Amsterdam, The Netherlands, The Netherlands},
 keywords = {applicative functors, arrows, idioms, monads},
}

@inproceedings{monadtrans,
 author = {Liang, Sheng and Hudak, Paul and Jones, Mark},
 title = {Monad Transformers and Modular Interpreters},
 booktitle = {Proceedings of the 22Nd ACM SIGPLAN-SIGACT Symposium on Principles of Programming Languages},
 series = {POPL '95},
 year = {1995},
 isbn = {0-89791-692-1},
 location = {San Francisco, California, USA},
 pages = {333--343},
 numpages = {11},
 url = {http://doi.acm.org/10.1145/199448.199528},
 doi = {10.1145/199448.199528},
 acmid = {199528},
 publisher = {ACM},
 address = {New York, NY, USA},
}

@MISC{type-safecast,
    author = {Dimitrios Vytiniotis and Stephanie Weirich},
    title = {Type-safe cast does not harm },
    year = {2007}
}

@Article{bernardy_proofs_2012,
author = {Jean-Philippe Bernardy and Patrik Jansson and Ross Paterson},
title = {Proofs for Free --- Parametricity for Dependent Types},
journal = {Journal of Functional Programming},
doi = {10.1017/S0956796812000056},
year = {2012},
volume = {22},
number = {02},
pages = {107--152},
url     = {https://publications.lib.chalmers.se/cpl/record/index.xsql?pubid=135303}
}



@MISC{abssafety,
   title               = {Parametricity and Relational Reasoning},
   author              = {Derek Dreyer},
   howpublished        = {Oregon PL Summer School '14 lectures}
}


@inproceedings{bjorn,
   author              = {Josef Svenningsson and
                          Bo Joel Svensson},
   title               = {Simple and compositional reification of monadic embedded languages},
   booktitle           = {ICFP},
   year                = {2013},
   pages               = {299-304},
   ee                  = {http://doi.acm.org/10.1145/2500365.2500611}
}

@article{arrowcalc,
 author = {Lindley, Sam and Wadler, Philip and Yallop, Jeremy},
 title = {The Arrow Calculus},
 journal = {J. Funct. Program.},
 issue_date = {January 2010},
 volume = {20},
 number = {1},
 month = jan,
 year = {2010},
 issn = {0956-7968},
 pages = {51--69},
 numpages = {19},
 url = {http://dx.doi.org/10.1017/S095679680999027X},
 doi = {10.1017/S095679680999027X},
 acmid = {1735542},
 publisher = {Cambridge University Press},
 address = {New York, NY, USA},
}

@inproceedings{mdo,
 author = {Erk\"{o}k, Levent and Launchbury, John},
 title = {Recursive Monadic Bindings},
 booktitle = {Proceedings of the Fifth ACM SIGPLAN International Conference on Functional Programming},
 series = {ICFP '00},
 year = {2000},
 isbn = {1-58113-202-6},
 pages = {174--185},
 numpages = {12},
 url = {http://doi.acm.org/10.1145/351240.351257},
 doi = {10.1145/351240.351257},
 acmid = {351257},
 publisher = {ACM},
 address = {New York, NY, USA},
}



@article{arrows,
 author = {Hughes, John},
 title = {Generalising Monads to Arrows},
 journal = {Sci. Comput. Program.},
 issue_date = {May 2000},
 volume = {37},
 number = {1-3},
 month = may,
 year = {2000},
 issn = {0167-6423},
 pages = {67--111},
 numpages = {45},
 url = {http://dx.doi.org/10.1016/S0167-6423(99)00023-4},
 doi = {10.1016/S0167-6423(99)00023-4},
 acmid = {347246},
 publisher = {Elsevier North-Holland, Inc.},
 address = {Amsterdam, The Netherlands, The Netherlands},
}

@inproceedings{arrownot,
 author = {Paterson, Ross},
 title = {A New Notation for Arrows},
 booktitle = {Proceedings of the Sixth ACM SIGPLAN International Conference on Functional Programming},
 series = {ICFP '01},
 year = {2001},
 isbn = {1-58113-415-0},
 location = {Florence, Italy},
 pages = {229--240},
 numpages = {12},
 url = {http://doi.acm.org/10.1145/507635.507664},
 doi = {10.1145/507635.507664},
 acmid = {507664},
 publisher = {ACM},
 address = {New York, NY, USA},
}



@InProceedings{fran,
   title        = {Functional Reactive Animation},
   url          = {http://conal.net/papers/icfp97/},
   author       = "Conal Elliott and Paul Hudak",
   booktitle    = "ICFP",
   year         = 1997
 }

@INPROCEEDINGS{squad,
    author = {Simon Peyton Jones},
    title = {Tackling the awkward squad: monadic input/output, concurrency, exceptions, and foreign-language calls in {H}askell},
    booktitle = {Engineering theories of software construction},
    year = {2001},
    pages = {47--96}
}

 @InProceedings{frob,
author = "John Peterson and Paul Hudak and Conal Elliott",
title = "Lambda in Motion: Controlling Robots with Haskell",
booktitle = "PADL",
year =	 1999}

@inproceedings{reflect,
 author = {Ploeg, Atze van der and Kiselyov, Oleg},
 title = {Reflection Without Remorse: Revealing a Hidden Sequence to Speed Up Monadic Reflection},
 booktitle = {Haskell Symposium},
 series = {Haskell '14},
 year = {2014},
 isbn = {978-1-4503-3041-1},
 location = {Gothenburg, Sweden},
 pages = {133--144},
 numpages = {12},
 url = {http://doi.acm.org/10.1145/2633357.2633360},
 doi = {10.1145/2633357.2633360},
 acmid = {2633360},
 publisher = {ACM},
 address = {New York, NY, USA},
 keywords = {data structures, monads, performance, reflection},
}

 @InProceedings{yampaarcade,
  author = 	 "Antony Courtney and Henrik Nilsson and John Peterson",
  title = 	 "The {Y}ampa Arcade",
  booktitle =	 "Proceedings of the 2003 {ACM SIGPLAN} {H}askell
		  Workshop ({H}askell'03)",
  pages =	 "7--18",
  year =	 2003,
  address =	 "Uppsala, Sweden",
  publisher =	 "{ACM} Press",
  month =	 aug
}


@misc{hmap,
  title = {HMap: Fast heterogeneous maps and unconstrained typeable-like functionality},
  author = {Atze van der Ploeg},
  howpublished = {\url{https://hackage.haskell.org/package/HMap}},
 year= 2001
}

@misc{koen,
  title = {A monad for type casting},
  author = {Koen Claessen},
  howpublished = {\url{https://mail.haskell.org/pipermail/haskell/2001-September/007922.html}},
 year= 2001
}

@manual{banana,
  author = {Heinrich Apfelmus},
  title = {Reactive banana},
  note = {Available at:
                  {\tt hackage.haskell.org/package/reactive-banana }}
}

@InProceedings{fruit,
  author = "Antony Courtney and Conal Elliott",
  title = "Genuinely Functional User Interfaces",
  booktitle = "2001 Haskell Workshop",
  year = 2001
}

@inproceedings{lustre,
 author = {Caspi, P. and Pilaud, D. and Halbwachs, N. and Plaice, J. A.},
 title = {LUSTRE: A Declarative Language for Real-time Programming},
 booktitle = {POPL},
 year = {1987},
 pages = {178--188},
 numpages = {11},
 url = {http://doi.acm.org/10.1145/41625.41641},
 doi = {10.1145/41625.41641},
 acmid = {41641}
}
[download]

@incollection{streamding,
year={2011},
isbn={978-3-642-20774-7},
booktitle={Functional and Constraint Logic Programming},
title={Efficient and Compositional Higher-Order Streams},
author={Patai, Gergely},
pages={137-154}
}

@incollection{arrowio,
year={2012},
isbn={978-3-642-27693-4},
booktitle={PADL},
title={Virtualizing Real-World Objects in {FRP}},
url={http://dx.doi.org/10.1007/978-3-642-27694-1_17},
author={Winograd-Cort, Daniel and Liu, Hai and Hudak, Paul},
pages={227-241}
}

@InProceedings{elm,
  author = 	 {Evan Czaplicki and Stephen Chong},
  title = 	 {Asynchronous Functional Reactive Programming for {GUI}s},
  booktitle =    {PLDI},
  year = 	 2013,
  pages =        {411--422}
}

@inproceedings{nonstandard,
 author = {Suenaga, Kohei and Sekine, Hiroyoshi and Hasuo, Ichiro},
 title = {Hyperstream Processing Systems: Nonstandard Modeling of Continuous-time Signals},
 booktitle = {POPL},
 series = {POPL '13},
 year = {2013},
 isbn = {978-1-4503-1832-7},
 location = {Rome, Italy},
 pages = {417--430},
 numpages = {14},
 url = {http://doi.acm.org/10.1145/2429069.2429120},
 doi = {10.1145/2429069.2429120},
 acmid = {2429120},
 publisher = {ACM},
 address = {New York, NY, USA},
 keywords = {hybrid system, nonstandard analysis, signal processing, stream processing, type system},
}

@article{signals,
  title={Signals, Not Generators!},
  author={Jeltsch, Wolfgang},
  journal={Trends in Functional Programming},
  year={2009},
  pages={145--160}
}

 @InProceedings{wormholes,
  author = {Winograd-Cort, Daniel and Hudak, Paul},
  title = {Wormholes: {I}ntroducing {E}ffects to {FRP}},
  booktitle = {Haskell Symposium},
  numpages = {13},
  publisher = {{ACM}},
  year = {2012},
  location = {Copenhagen, Denmark},
  month = {September}
}

@article{applicative,
 author = {Mcbride, Conor and Paterson, Ross},
 title = {Applicative Programming with Effects},
 journal = {J. Funct. Program.},
 issue_date = {January 2008},
 volume = {18},
 number = {1},
 month = jan,
 year = {2008},
 issn = {0956-7968},
 pages = {1--13},
 numpages = {13},
 url = {http://dx.doi.org/10.1017/S0956796807006326},
 doi = {10.1017/S0956796807006326},
 acmid = {1348941},
 publisher = {Cambridge University Press},
 address = {New York, NY, USA},
}


@TECHREPORT{swap,
 title = "Composing monads",
 number = "Technical Report YALEU/DCS/RR-1004",
 author = 	 "Jones, Mark P. and Luc Duponcheel",
 institution = "Department of Computer Science. Yale University",
 year = 1993,
}

@inproceedings{kahn,
  title={Synchronous kahn networks},
  author={Caspi, Paul and Pouzet, Marc},
  booktitle={ACM SIGPLAN Notices},
  volume={6/31},
  pages={226--238},
  year={1996},
  organization={ACM}
}

@article{esterel,
  title={The Esterel synchronous programming language: Design, semantics, implementation},
  author={Berry, G{\'e}rard and Gonthier, Georges},
  journal={Science of computer programming},
  volume={19},
  number={2},
  pages={87--152},
  year={1992},
  publisher={Elsevier}
}

@article{lucidsync,
  title={Synchronous functional programming: The Lucid Synchrone experiment},
  author={Caspi, Paul and Hamon, Gr{\'e}goire and Pouzet, Marc},
  journal={Real-Time Systems: Description and Verification Techniques: Theory and Tools},
  year={2008}
}

@inproceedings{monfrp,
  title={Monadic functional reactive programming},
  author={van der Ploeg, Atze},
  booktitle={Haskell Symposium},
  pages={117--128},
  year={2013},
}

@inproceedings{dataflowho,
  author = {Jean-Louis Cola\c{c}o and
    Alain Girault and Gr\'egoire Hamon and Marc Pouzet},
  title = {{Towards a Higher-order Synchronous Data-flow Language}},
  booktitle = {Conference on Embedded Software},
  year = 2004
}

@TechReport{deprecating,
   affiliation = {EPFL},
   author      = {Maier, Ingo and Odersky, Martin},
   keywords    = {reactive programming; data flow; Scala},
   oai-id      = {oai:infoscience.epfl.ch:176887},
   oai-set     = {driver},
   pagecount   = {20},
   status      = {PUBLISHED},
   submitter   = {177179; 177179},
   title       = {Deprecating the {O}bserver {P}attern with {S}cala.React},
   institution = {LAMP},
   year        = 2012
}


@article{Brookes:1984,
 author = {Brookes, S. D. and Hoare, C. A. R. and Roscoe, A. W.},
 title = {A Theory of Communicating Sequential Processes},
 journal = {Journal of the ACM},
 issue_date = {July 1984},
 volume = {31},
 number = {3},
 month = jun,
 year = {1984},
 issn = {0004-5411},
 pages = {560--599},
 numpages = {40},
 url = {http://doi.acm.org/10.1145/828.833},
 doi = {10.1145/828.833},
 acmid = {833},
 publisher = {ACM},
 address = {New York, NY, USA},
}

@article{bergstra1985algebra,
  title={Algebra of communicating processes with abstraction},
  author={Bergstra, Jan A. and Klop, Jan Willem},
  journal={Theoretical computer science},
  volume={37},
  pages={77--121},
  year={1985},
  publisher={Elsevier}
}

 @InProceedings{arrowfrp,
  author = 	 "Henrik Nilsson and Antony Courtney and John Peterson",
  title = 	 "Functional Reactive Programming, Continued",
  booktitle =	 "{H}askell
		  Workshop",
  pages =	 "51--64",
  year =	 2002
}

@inproceedings{conchaskell,
 author = {Peyton Jones, Simon and Gordon, Andrew and Finne, Sigbjorn},
 title = {Concurrent Haskell},
 booktitle = {Proceedings of the 23rd ACM SIGPLAN-SIGACT Symposium on Principles of Programming Languages},
 series = {POPL '96},
 year = {1996},
 isbn = {0-89791-769-3},
 location = {St. Petersburg Beach, Florida, USA},
 pages = {295--308},
 numpages = {14},
 url = {http://doi.acm.org/10.1145/237721.237794},
 doi = {10.1145/237721.237794},
 acmid = {237794},
 publisher = {ACM},
 address = {New York, NY, USA},
}


@inproceedings{parmonad,
 author = {Marlow, Simon and Newton, Ryan and Peyton Jones, Simon},
 title = {A Monad for Deterministic Parallelism},
 booktitle = {Haskell Symposium},
 year = {2011},
 isbn = {978-1-4503-0860-1},
 pages = {71--82},
 url = {http://doi.acm.org/10.1145/2034675.2034685},
 doi = {10.1145/2034675.2034685},
 acmid = {2034685}
}

@inproceedings{stmonad,
 author = {Launchbury, John and Peyton Jones, Simon L.},
 title = {Lazy Functional State Threads},
 booktitle = {PLDI},
 year = {1994},
 isbn = {0-89791-662-X},
 pages = {24--35}
}

@InProceedings {push-pull-frp,
  author    = {Conal Elliott},
  title     = {Push-pull functional reactive programming},
  booktitle = {Haskell Symposium},
  url       = {http://conal.net/papers/push-pull-frp},
  year      = 2009
}

@inproceedings{Wan,
 author = {Wan, Zhanyong and Hudak, Paul},
 title = {Functional Reactive Programming from First Principles},
 booktitle = {PLDI},
 series = {PLDI '00},
 year = {2000},
 isbn = {1-58113-199-2},
 location = {Vancouver, British Columbia, Canada},
 pages = {242--252},
 numpages = {11},
 url = {http://doi.acm.org/10.1145/349299.349331},
 doi = {10.1145/349299.349331},
 acmid = {349331},
 publisher = {ACM},
 address = {New York, NY, USA},
}



@ARTICLE{MoggiSabry,
    author = {E. Moggi and Amr Sabry},
    title = {Monadic Encapsulation of Effects: A Revised Approach (Extended Version)},
    journal = {Journal of Functional Programming},
    year = {2001},
    volume = {11},
    pages = {2001}
}

@inproceedings{SemmelrothSabry,
 author = {Semmelroth, Miley and Sabry, Amr},
 title = {Monadic Encapsulation in ML},
 booktitle = {Proceedings of the Fourth ACM SIGPLAN International Conference on Functional Programming},
 series = {ICFP '99},
 year = {1999},
 isbn = {1-58113-111-9},
 location = {Paris, France},
 pages = {8--17},
 numpages = {10},
 url = {http://doi.acm.org/10.1145/317636.317777},
 doi = {10.1145/317636.317777},
 acmid = {317777},
 publisher = {ACM},
 address = {New York, NY, USA},
} 

@inproceedings{LaunchburySabry,
 author = {Launchbury, John and Sabry, Amr},
 title = {Monadic State: Axiomatization and Type Safety},
 booktitle = {Proceedings of the Second ACM SIGPLAN International Conference on Functional Programming},
 series = {ICFP '97},
 year = {1997},
 isbn = {0-89791-918-1},
 location = {Amsterdam, The Netherlands},
 pages = {227--238},
 numpages = {12},
 url = {http://doi.acm.org/10.1145/258948.258970},
 doi = {10.1145/258948.258970},
 acmid = {258970},
 publisher = {ACM},
 address = {New York, NY, USA},
} 

@misc{conalccc,
 author = {Conal Elliott},
 title = {From Haskell to hardware via cartesian closed categories},
 year = {2013},
 howpublished = {{\sf http://conal.net/blog/posts/circuits-as-a-bicartesian-closed-category}}
}

@inproceedings{theoremsforfree,
 author = {Wadler, Philip},
 title = {Theorems for Free!},
 booktitle = {Proceedings of the Fourth International Conference on Functional Programming Languages and Computer Architecture},
 series = {FPCA '89},
 year = {1989},
 isbn = {0-89791-328-0},
 location = {Imperial College, London, United Kingdom},
 pages = {347--359},
 numpages = {13},
 url = {http://doi.acm.org/10.1145/99370.99404},
 doi = {10.1145/99370.99404},
 acmid = {99404},
 publisher = {ACM},
 address = {New York, NY, USA},
} 

@inproceedings{AriolaSabry,
 author = {Ariola, Zena M. and Sabry, Amr},
 title = {Correctness of Monadic State: An Imperative Call-by-need Calculus},
 booktitle = {Proceedings of the 25th ACM SIGPLAN-SIGACT Symposium on Principles of Programming Languages},
 series = {POPL '98},
 year = {1998},
 isbn = {0-89791-979-3},
 location = {San Diego, California, USA},
 pages = {62--74},
 numpages = {13},
 url = {http://doi.acm.org/10.1145/268946.268952},
 doi = {10.1145/268946.268952},
 acmid = {268952},
 publisher = {ACM},
 address = {New York, NY, USA},
} 



@inproceedings{typeding,
  title={Higher-order functional reactive programming without spacetime leaks},
  author={Krishnaswami, Neelakantan R},
  booktitle={ICFP},
  pages={221--232},
  year={2013},
}
